@online{web:1,
    author = {{jclancy, StackOverflow}},
    title = {How do I exit Vim?},
    year = {2012},
    url = "https://stackoverflow.com/questions/11828270/how-do-i-exit-vim"
}

@online{web:2,
    author = {{mhlester, StackOverflow}},
    title = {How to Raise KeyboardInterrupt When Inside Curses},
    year = {2014},
    url = "https://stackoverflow.com/questions/21123146/how-to-raise-keyboardinterrupt-when-inside-curses"
}
